@article{pitt2016statistical,
  title={Statistical Analysis of Numerical Preclinical Radiobiological Data},
  author={Pitt, H and Hill, Helene},
  year={2016},
  publisher={ScienceOpen Research}
}

@article{mosimann2002terminal,
  title={Terminal digits and the examination of questioned data},
  author={Mosimann, James and Dahlberg, John and Davidian, Nancy and Krueger, John},
  journal={Accountability in Research: Policies and Quality Assurance},
  volume={9},
  number={2},
  pages={75--92},
  year={2002},
  publisher={Taylor \& Francis}
}

@online{philip,
	author = {Philip B. Stark},
	title = {\textsc{SticiGui}},
	year ={2013},
	note = {\url{http://www.stat.berkeley.edu/~stark/SticiGui/}},
}

